<?xml version="1.0" encoding="UTF-8"?><collection xmlns="http://www.loc.gov/MARC21/slim"><record><leader>00439nam--2200145-i-4500</leader><controlfield tag="001">000013938</controlfield><controlfield tag="002">20161230</controlfield><controlfield tag="005">20161230201030</controlfield><controlfield tag="008">060222s1000------------r-----000-0-eng-d</controlfield><datafield ind1=" " ind2=" " tag="080"><subfield code="a">62</subfield></datafield><datafield ind1=" " ind2=" " tag="100"><subfield code="a">Calinescu,Valentin</subfield></datafield><datafield ind1=" " ind2=" " tag="245"><subfield code="a">Tehnologii neconventionale.orientari,realizari tendinte in cercetarea stiintifica si inginer ia tehnologica</subfield></datafield><datafield ind1=" " ind2=" " tag="260"><subfield code="a">Bucuresti,Inid.,1981. 115 P</subfield></datafield><datafield ind1=" " ind2=" " tag="490"><subfield code="a">Culegere Documentara Tematica</subfield></datafield><datafield ind1=" " ind2=" " tag="852"><subfield code="a">49425</subfield></datafield></record></collection>